% Copyright (c) Eclipse Arrowhead Project
%
% This program and the accompanying materials are made available under the
% terms of the Eclipse Public License 2.0 which is available at
% http://www.eclipse.org/legal/epl-2.0.
%
% SPDX-License-Identifier: EPL-2.0

@techreport{postel1981transmission,
  title={Transmission Control Protocol},
  author={Jon Postel},
  howpublished={Internet Request for Comments},
  type={{RFC}},
  number={793},
  year={1981},
  month={September},
  issn={2070-1721},
  publisher={{RFC Editor}},
  institution={{RFC Editor}},
  doi={10.17487/RFC0793}
}

@misc{rfc1122,
  series={Request for Comments},
  number={1122},
  howpublished={RFC 1122},
  publisher={RFC Editor},
  doi={10.17487/RFC1122},
  author={R. Braden},
  title={{Requirements for Internet Hosts} -- {Communication Layers}},
  pagetotal={116},
  year={1989},
  month={October}
}

@techreport{iso7498_1,
  title={Information Technology -- Open Systems Interconnection -- Basic Reference Model: The Basic Model},
  institution={ISO/IEC/IEEE},
  number={7491-1:1994},
  type={International Standard},
  month={November},
  year={1994}
}

@techreport{bradner1997keywords,
  title={Key words for use in {RFC}s to Indicate Requirement Levels},
  author={S. Bradner},
  howpublished={Internet Request for Comments},
  type={{RFC}},
  number={2119},
  year={1997},
  month={March},
  issn={2070-1721},
  publisher={{RFC Editor}},
  institution={{RFC Editor}},
  doi={10.17487/RFC2119}
}

@techreport{mackenzie2006reference,
  author={Christopher Bashioum and Prasanta Behera and Kathryn Breininger and others},
  editor={C. Matthew MacKenzie and Ken Laskey and Francis McCabe and Peter F. Brown and Rebekah Metz},
  title={Reference Model for Service Oriented Architecture},
  type={OASIS Standard},
  number={soa-rm},
  institution={Organization for the Advancement of Structured Information (OASIS)},
  year={2006},
  month={October},
  url={https://docs.oasis-open.org/soa-rm/v1.0/soa-rm.html},
  note={version 1.0, accessed 2021-10-05}
}

@techreport{w3c2008xml,
  title={Extensible Markup Language (XML) 1.0 (Fifth Edition)},
  author={Bray, Tim and Paoli, Jean and Sperberg-McQueen, C. M. and Maler, Eve and Yergeau, Fran{\c{c}}ois},
  institution={ISO/IEC/IEEE},
  year={2008},
  howpublished={{W3C} Recommendation}
}

@techreport{iso42010,
  title={Systems and software engineering -- Architecture description},
  institution={ISO/IEC/IEEE},
  number={42010:2011},
  type={International Standard},
  month={December},
  year={2011},
  doi={10.1109/IEEESTD.2011.6129467}
}

@misc{rfc7159,
  series={Request for Comments},
  number={7159},
  howpublished={RFC 7159},
  publisher={RFC Editor},
  doi={10.17487/RFC7159},
  author={Tim Bray},
  title={{The JavaScript Object Notation (JSON) Data Interchange Format}},
  pagetotal={16},
  year={2014},
  month={March}
}

@techreport{fielding2014hypertext,
  title={Hypertext transfer protocol ({HTTP/1.1}): Message syntax and routing},
  author={Roy Fielding and others},
  howpublished={Internet Request for Comments},
  type={{RFC}},
  number={7230},
  year={2014},
  month={March},
  issn={2070-1721},
  publisher={{RFC Editor}},
  institution={{RFC Editor}},
  doi={10.17487/RFC7230}
}

@techreport{adolphs2016reference,
  author={Peter Adolphs and Stefan Berlik and Wolfgang Dorst and others},
  title={Reference Architecture Model Industrie 4.0 ({RAMI4.0})},
  type={DIN SPEC},
  number={91345:2016-04},
  institution={Deutsches Institut für Normung (DIN)},
  year={2016},
  month={April},
  doi={10.31030/2436156}
}

@techreport{deering2017internet,
  title={Internet Protocol, Version 6 ({IPv6}) Specification},
  author={S. Deering and R Hinden},
  howpublished={Internet Request for Comments},
  type={{RFC}},
  number={8200},
  year={2017},
  month={July},
  issn={2070-1721},
  publisher={{RFC Editor}},
  institution={{RFC Editor}},
  doi={10.17487/RFC8200}
}

@book{delsing2017iot,
  title={{IoT} Automation: Arrowhead Framework},
  editor={Jerker Delsing},
  isbn={9781498756761},
  lccn={2016039612},
  year={2017},
  publisher={CRC Press}
}

@techreport{omg2017uml,
  title={{UML}® Unified Modeling Language},
  institution={Object Management Group ({OMG})},
  type={{OMG} Document},
  month={December},
  year={2017},
  url={https://www.omg.org/spec/UML/2.5.1/},
  note={version 2.5.1, accessed 2021-10-06}
}

@techreport{rfc8428,
  title={{Sensor Measurement Lists (SenML)}},
  author={C. Jennings and Z. Shelby and others},
  howpublished={Internet Request for Comments},
  type={{RFC}},
  number={8428},
  year={2018},
  month={August},
  issn={2070-1721},
  publisher={{RFC Editor}},
  institution={{RFC Editor}},
  doi={10.17487/RFC8428}
}

@techreport{lin2019industrial,
  author={Shi-Wan Lin and Bradford Miller and Jacques Durand and others},
  editor={Shi-Wan Lin and Eric Simmon},
  title={The Industrial Internet of Things Volume {G1}: Reference Architecture},
  type={Reference Architecture},
  institution={Industrial Internet Consortium (IIC)},
  year={2019},
  month={June},
  url={https://www.iiconsortium.org/pdf/IIRA-v1.9.pdf},
  note={version 1.9, accessed 2021-10-05}
}

@techreport{omg2019sysml,
  title={{OMG} Systems Modeling Language ({OMG SysML™})},
  institution={Object Management Group ({OMG})},
  type={{OMG} Document},
  month={November},
  year={2019},
  url={https://www.omg.org/spec/SysML/1.6/},
  note={version 1.6, accessed 2021-10-06}
}

@techreport{iso202188023,
  type={Standard},
  key={ISO/IEC/IEEE 8802-3:2021},
  month={February},
  year={2021},
  title={Telecommunications and exchange between information technology systems — Requirements for local and metropolitan area networks — Part 3: Standard for Ethernet},
  edition={3},
  address={Geneva, CH},
  institution={International Organization for Standardization ({ISO})},
  url={https://www.iso.org/standard/78299.html},
  note={accesses 2021-11-03}
}

@misc{webster2021entity,
  author={Merriam-Webster},
  title={Entity},
  url={https://merriam-webster.com/dictionary/entity},
  note={accessed 2021-10-12}
}
