% Copyright (c) Eclipse Arrowhead Project
%
% This program and the accompanying materials are made available under the
% terms of the Eclipse Public License 2.0 which is available at
% http://www.eclipse.org/legal/epl-2.0.
%
% SPDX-License-Identifier: EPL-2.0

@techreport{bradner1997keywords,
  title={Key words for use in {RFC}s to Indicate Requirement Levels},
  author={S. Bradner},
  howpublished={Internet Request for Comments},
  type={{RFC}},
  number={2119},
  year={1997},
  month={March},
  issn={2070-1721},
  publisher={{RFC Editor}},
  institution={{RFC Editor}},
  doi={10.17487/RFC2119}
}

@techreport{omg2019sysml,
  title={{OMG} Systems Modeling Language ({OMG SysMLâ„¢})},
  institution={Object Management Group ({OMG})},
  type={{OMG} Document},
  month={November},
  year={2019},
  url={https://www.omg.org/spec/SysML/1.6/},
  note={version 1.6, accessed 2021-10-06}
}

@techreport{palm2021reference,
  title={Eclipse Arrowhead Reference Model},
  author={Emanuel Palm and Jerker Delsing},
  type={{Reference Model (RM)}},
  year={2021},
  month={November},
  publisher={The Arrowhead Project},
  institution={The Arrowhead Project}
}
