% Copyright (c) 2021-10-04 Eclipse Arrowhead Project
%
% This program and the accompanying materials are made available under the
% terms of the Eclipse Public License 2.0 which is available at
% http://www.eclipse.org/legal/epl-2.0.
%
% SPDX-License-Identifier: EPL-2.0

@book{delsing2017iot,
  title={{IoT} Automation: Arrowhead Framework},
  editor={Jerker Delsing},
  isbn={9781498756761},
  lccn={2016039612},
  year={2017},
  publisher={CRC Press}
}